<?xml version="1.0" encoding="UTF-8"?><collection xmlns="http://www.loc.gov/MARC21/slim"><record><leader>00355nam--2200121-i-4500</leader><controlfield tag="001">000047039</controlfield><controlfield tag="002">20161230</controlfield><controlfield tag="005">20161230201046</controlfield><controlfield tag="008">060222s1000------------r-----000-0-eng-d</controlfield><datafield ind1=" " ind2=" " tag="100"><subfield code="a">Weckering, Rudy</subfield></datafield><datafield ind1=" " ind2=" " tag="245"><subfield code="a">Mecanique ondulatoire geometrique. theorie de l`atome nodique stereoelectronique</subfield></datafield><datafield ind1=" " ind2=" " tag="260"><subfield code="a">Luxembourg, Camille Hermann, 1961, 71p</subfield></datafield><datafield ind1=" " ind2=" " tag="852"><subfield code="a">19591</subfield></datafield></record></collection>